<record><leader>00000cas a2200000 a 4500</leader><controlfield tag="001">12859990</controlfield><controlfield tag="008">851202d19711976miuqr ne      0    0eng c</controlfield><datafield ind1=" " ind2=" " tag="010"><subfield code="a">sn 93020243 </subfield></datafield><datafield ind1=" " ind2=" " tag="040"><subfield code="a">GZM</subfield><subfield code="b">eng</subfield><subfield code="c">GZM</subfield><subfield code="d">KFS</subfield><subfield code="d">DLC</subfield><subfield code="d">MHN</subfield><subfield code="d">CVF</subfield><subfield code="d">MHN</subfield><subfield code="d">NYS</subfield><subfield code="d">CUV</subfield><subfield code="d">OCLCQ</subfield><subfield code="d">OCLCA</subfield><subfield code="d">OCLCF</subfield><subfield code="d">OCLCO</subfield></datafield><datafield ind1="1" ind2=" " tag="029"><subfield code="a">AU@</subfield><subfield code="b">000008893338</subfield></datafield><datafield ind1=" " ind2=" " tag="042"><subfield code="a">pcc</subfield></datafield><datafield ind1=" " ind2=" " tag="043"><subfield code="a">n-us-mi</subfield><subfield code="a">n-us---</subfield></datafield><datafield ind1=" " ind2=" " tag="090"><subfield code="a">HQ75</subfield><subfield code="b">.G395</subfield></datafield><datafield ind1="0" ind2=" " tag="130"><subfield code="a">Gay liberator (Detroit, Mich.)</subfield></datafield><datafield ind1="1" ind2="0" tag="245"><subfield code="a">Gay liberator.</subfield></datafield><datafield ind1=" " ind2=" " tag="260"><subfield code="3">Sept. 1971-Mar. 1973 :</subfield><subfield code="a">Detroit, Mich. :</subfield><subfield code="b">Pansy Press,</subfield><subfield code="c">1971-1976.</subfield></datafield><datafield ind1="3" ind2=" " tag="260"><subfield code="3">Apr./May 1973- :</subfield><subfield code="a">Detroit, Mich. :</subfield><subfield code="b">Gay Liberator, Inc.</subfield></datafield><datafield ind1=" " ind2=" " tag="300"><subfield code="a">v. :</subfield><subfield code="b">ill. ;</subfield><subfield code="c">40 cm.</subfield></datafield><datafield ind1=" " ind2=" " tag="310"><subfield code="a">Quarterly,</subfield><subfield code="b">fall 1975-</subfield></datafield><datafield ind1=" " ind2=" " tag="321"><subfield code="a">Monthly,</subfield><subfield code="b">Sept. 1971-</subfield></datafield><datafield ind1=" " ind2=" " tag="321"><subfield code="a">Bimonthly,</subfield><subfield code="b">Dec. 1974/Jan. 1975-June/July 1975</subfield></datafield><datafield ind1="0" ind2=" " tag="362"><subfield code="a">No. 11 (Sept. 1971)-no. 48 (spring 1976).</subfield></datafield><datafield ind1=" " ind2="0" tag="650"><subfield code="a">Homosexuality</subfield><subfield code="v">Newspapers.</subfield></datafield><datafield ind1=" " ind2="0" tag="650"><subfield code="a">Lesbianism</subfield><subfield code="v">Newspapers.</subfield></datafield><datafield ind1=" " ind2="0" tag="650"><subfield code="a">Gay liberation movement</subfield><subfield code="z">Michigan</subfield><subfield code="z">Detroit</subfield><subfield code="v">Newspapers.</subfield></datafield><datafield ind1=" " ind2="0" tag="650"><subfield code="a">Gay activists</subfield><subfield code="z">Michigan</subfield><subfield code="v">Newspapers.</subfield></datafield><datafield ind1=" " ind2="0" tag="650"><subfield code="a">Homosexuality</subfield><subfield code="x">Social aspects</subfield><subfield code="z">Michigan</subfield><subfield code="v">Newspapers.</subfield></datafield><datafield ind1=" " ind2="0" tag="650"><subfield code="a">Lesbianism</subfield><subfield code="x">Social aspects</subfield><subfield code="z">Michigan</subfield><subfield code="v">Newspapers.</subfield></datafield><datafield ind1=" " ind2="0" tag="650"><subfield code="a">Gays</subfield><subfield code="z">Michigan</subfield><subfield code="v">Newspapers.</subfield></datafield><datafield ind1=" " ind2="0" tag="650"><subfield code="a">Lesbians</subfield><subfield code="z">Michigan</subfield><subfield code="v">Periodicals.</subfield></datafield><datafield ind1=" " ind2="0" tag="650"><subfield code="a">Gay community</subfield><subfield code="z">Michigan</subfield><subfield code="z">Detroit</subfield><subfield code="v">Newspapers.</subfield></datafield><datafield ind1=" " ind2="0" tag="650"><subfield code="a">Gay liberation movement</subfield><subfield code="z">United States</subfield><subfield code="v">Newspapers.</subfield></datafield><datafield ind1=" " ind2="0" tag="650"><subfield code="a">Gay activists</subfield><subfield code="z">United States</subfield><subfield code="v">Newspapers.</subfield></datafield><datafield ind1=" " ind2="0" tag="650"><subfield code="a">Homosexuality</subfield><subfield code="x">Social aspects</subfield><subfield code="z">United States</subfield><subfield code="v">Newspapers.</subfield></datafield><datafield ind1=" " ind2="0" tag="650"><subfield code="a">Lesbianism</subfield><subfield code="x">Social aspects</subfield><subfield code="z">United States</subfield><subfield code="v">Newspapers.</subfield></datafield><datafield ind1=" " ind2="0" tag="650"><subfield code="a">Gays' writings, American</subfield><subfield code="z">Michigan</subfield><subfield code="z">Detroit</subfield><subfield code="v">Newspapers.</subfield></datafield><datafield ind1=" " ind2="0" tag="650"><subfield code="a">Underground press publications</subfield><subfield code="z">Michigan</subfield><subfield code="z">Detroit</subfield><subfield code="v">Newspapers.</subfield></datafield><datafield ind1=" " ind2="0" tag="651"><subfield code="a">Detroit (Mich.)</subfield><subfield code="v">Newspapers.</subfield></datafield><datafield ind1=" " ind2="0" tag="651"><subfield code="a">Wayne County (Mich.)</subfield><subfield code="v">Newspapers.</subfield></datafield><datafield ind1=" " ind2="7" tag="655"><subfield code="a">Newspapers.</subfield><subfield code="2">fast</subfield><subfield code="0">(OCoLC)fst01423814</subfield></datafield><datafield ind1=" " ind2="7" tag="655"><subfield code="a">Periodicals.</subfield><subfield code="2">fast</subfield><subfield code="0">(OCoLC)fst01411641</subfield></datafield><datafield ind1=" " ind2="7" tag="650"><subfield code="a">Gay activists.</subfield><subfield code="2">fast</subfield><subfield code="0">(OCoLC)fst00939048</subfield></datafield><datafield ind1=" " ind2="7" tag="650"><subfield code="a">Gay community.</subfield><subfield code="2">fast</subfield><subfield code="0">(OCoLC)fst01432142</subfield></datafield><datafield ind1=" " ind2="7" tag="650"><subfield code="a">Gay liberation movement.</subfield><subfield code="2">fast</subfield><subfield code="0">(OCoLC)fst00939104</subfield></datafield><datafield ind1=" " ind2="7" tag="650"><subfield code="a">Gays.</subfield><subfield code="2">fast</subfield><subfield code="0">(OCoLC)fst00939255</subfield></datafield><datafield ind1=" " ind2="7" tag="650"><subfield code="a">Gays' writings, American.</subfield><subfield code="2">fast</subfield><subfield code="0">(OCoLC)fst00939314</subfield></datafield><datafield ind1=" " ind2="7" tag="650"><subfield code="a">Homosexuality.</subfield><subfield code="2">fast</subfield><subfield code="0">(OCoLC)fst00959755</subfield></datafield><datafield ind1=" " ind2="7" tag="650"><subfield code="a">Homosexuality</subfield><subfield code="x">Social aspects.</subfield><subfield code="2">fast</subfield><subfield code="0">(OCoLC)fst00959809</subfield></datafield><datafield ind1=" " ind2="7" tag="650"><subfield code="a">Lesbianism.</subfield><subfield code="2">fast</subfield><subfield code="0">(OCoLC)fst00996514</subfield></datafield><datafield ind1=" " ind2="7" tag="650"><subfield code="a">Lesbianism</subfield><subfield code="x">Social aspects.</subfield><subfield code="2">fast</subfield><subfield code="0">(OCoLC)fst00996534</subfield></datafield><datafield ind1=" " ind2="7" tag="650"><subfield code="a">Lesbians.</subfield><subfield code="2">fast</subfield><subfield code="0">(OCoLC)fst00996540</subfield></datafield><datafield ind1=" " ind2="7" tag="650"><subfield code="a">Underground press publications.</subfield><subfield code="2">fast</subfield><subfield code="0">(OCoLC)fst01160984</subfield></datafield><datafield ind1=" " ind2="7" tag="651"><subfield code="a">Michigan.</subfield><subfield code="2">fast</subfield><subfield code="0">(OCoLC)fst01208387</subfield></datafield><datafield ind1=" " ind2="7" tag="651"><subfield code="a">Michigan</subfield><subfield code="z">Detroit.</subfield><subfield code="2">fast</subfield><subfield code="0">(OCoLC)fst01205010</subfield></datafield><datafield ind1=" " ind2="7" tag="651"><subfield code="a">Michigan</subfield><subfield code="z">Wayne County.</subfield><subfield code="2">fast</subfield><subfield code="0">(OCoLC)fst01206628</subfield></datafield><datafield ind1=" " ind2="7" tag="651"><subfield code="a">United States.</subfield><subfield code="2">fast</subfield><subfield code="0">(OCoLC)fst01204155</subfield></datafield><datafield ind1=" " ind2=" " tag="752"><subfield code="a">United States</subfield><subfield code="b">Michigan</subfield><subfield code="c">Wayne</subfield><subfield code="d">Detroit.</subfield></datafield><datafield ind1="0" ind2="0" tag="780"><subfield code="t">Detroit gay liberator</subfield><subfield code="w">(DLC)sn 93020244</subfield><subfield code="w">(OCoLC)13788711</subfield></datafield><datafield ind1=" " ind2=" " tag="850"><subfield code="a">NIC</subfield></datafield></record>